@misc{website:BasicStatisticsofTrafficAccidents,
      title = "Basic Statistics on Traffic Accidents, Public Management, Social Security and Others, Anuual, National Bureau of Statistics of China",
      year = "2020",
      url = "https://data.stats.gov.cn/english/easyquery.htm?cn=C01"
}

@INPROCEEDINGS{8100178,
  author={K. {Tateno} and F. {Tombari} and I. {Laina} and N. {Navab}},
  booktitle={2017 IEEE Conference on Computer Vision and Pattern Recognition (CVPR)}, 
  title={CNN-SLAM: Real-Time Dense Monocular SLAM with Learned Depth Prediction}, 
  year={2017},
  volume={},
  number={},
  pages={6565-6574},}

@ARTICLE{7747236,
  author={C. {Cadena} and L. {Carlone} and H. {Carrillo} and Y. {Latif} and D. {Scaramuzza} and J. {Neira} and I. {Reid} and J. J. {Leonard}},
  journal={IEEE Transactions on Robotics}, 
  title={Past, Present, and Future of Simultaneous localization and Mapping: Toward the Robust-Perception Age}, 
  year={2016},
  volume={32},
  number={6},
  pages={1309-1332},
}

@INPROCEEDINGS{8954208,
  author={T. {Schöps} and T. {Sattler} and M. {Pollefeys}},
  booktitle={2019 IEEE/CVF Conference on Computer Vision and Pattern Recognition (CVPR)}, 
  title={BAD SLAM: Bundle Adjusted Direct RGB-D SLAM}, 
  year={2019},
  volume={},
  number={},
  pages={134-144},}

@ARTICLE{1678144,
  author={T. {Bailey} and H. {Durrant-Whyte}},
  journal={IEEE Robotics   Automation Magazine}, 
  title={Simultaneous localization and mapping (SLAM): part II}, 
  year={2006},
  volume={13},
  number={3},
  pages={108-117},}

@INPROCEEDINGS{6038117,
  author={G. {Dissanayake} and S. {Huang} and Z. {Wang} and R. {Ranasinghe}},
  booktitle={2011 6th International Conference on Industrial and Information Systems}, 
  title={A review of recent developments in Simultaneous localization and Mapping}, 
  year={2011},
  volume={},
  number={},
  pages={477-482},}

@INPROCEEDINGS{6906584,
  author={C. {Forster} and M. {Pizzoli} and D. {Scaramuzza}},
  booktitle={2014 IEEE International Conference on Robotics and Automation (ICRA)}, 
  title={SVO: Fast semi-direct monocular visual odometry}, 
  year={2014},
  volume={},
  number={},
  pages={15-22},}

@INPROCEEDINGS{7353366,
  author={D. {Caruso} and J. {Engel} and D. {Cremers}},
  booktitle={2015 IEEE/RSJ International Conference on Intelligent Robots and Systems (IROS)}, 
  title={Large-scale direct SLAM for omnidirectional cameras}, 
  year={2015},
  volume={},
  number={},
  pages={141-148},}
  
@INPROCEEDINGS{7353631,
  author={J. {Engel} and J. {Stückler} and D. {Cremers}},
  booktitle={2015 IEEE/RSJ International Conference on Intelligent Robots and Systems (IROS)}, 
  title={Large-scale direct SLAM with stereo cameras}, 
  year={2015},
  volume={},
  number={},
  pages={1935-1942},}

@ARTICLE{7219438,
  author={R. {Mur-Artal} and J. M. M. {Montiel} and J. D. {Tardós}},
  journal={IEEE Transactions on Robotics}, 
  title={ORB-SLAM: A Versatile and Accurate Monocular SLAM System}, 
  year={2015},
  volume={31},
  number={5},
  pages={1147-1163},}
  
@INPROCEEDINGS{6696650,
  author={C. {Kerl} and J. {Sturm} and D. {Cremers}},
  booktitle={2013 IEEE/RSJ International Conference on Intelligent Robots and Systems}, 
  title={Dense visual SLAM for RGB-D cameras}, 
  year={2013},
  volume={},
  number={},
  pages={2100-2106},}

@INPROCEEDINGS{6385773,
  author={J. {Sturm} and N. {Engelhard} and F. {Endres} and W. {Burgard} and D. {Cremers}},
  booktitle={2012 IEEE/RSJ International Conference on Intelligent Robots and Systems}, 
  title={A benchmark for the evaluation of RGB-D SLAM systems}, 
  year={2012},
  volume={},
  number={},
  pages={573-580}
}

@misc{website:g2o,
      title = "g2o - General Graph Optimization",
      year = "2020",
      url = "https://github.com/RainerKuemmerle/g2o"
}

@misc{website:OpenCV,
      title = "OpenCV",
      year = "2020",
      url = "https://opencv.org/"
}

@misc{website:Eigen,
      title = "Eigen",
      year = "2020",
      url = "http://eigen.tuxfamily.org/index.php?title=Main_Page"
}

@misc{website:Boost,
      title = "boost C++ libraries",
      year = "2020",
      url = "https://www.boost.org/"
}

@misc{website:CUDA,
      title = "CUDA Toolkit",
      year = "2020",
      url = "https://developer.nvidia.com/cuda-toolkit"
}

@misc{website:DLib,
      title = "Github/Dilb",
      year = "2020",
      url = "https://github.com/dorian3d/DLib"
}

@misc{website:GLEW,
      title = "The OpenGL Extension Wrangler Library",
      year = "2020",
      url = "http://glew.sourceforge.net/build.html"
}

@misc{website:GTest,
      title = "googletest",
      year = "2020",
      url = "https://github.com/google/googletest"
}

@misc{website:OpenGV,
      title = "Github/OpenGV",
      year = "2020",
      url = "https://github.com/laurentkneip/opengv"
}

@misc{website:gxy_mrslam,
      title = "Github/gxytcrc
/
semantic-histogram-based-global-localization",
      year = "2021",
      url = "https://github.com/gxytcrc/semantic-histogram-based-global-localization"
}

@misc{website:Qt,
      title = "Qt",
      year = "2020",
      url = "https://www.qt.io/"
}

@misc{website:SUITESPARSE,
      title = "SUITESPARSE : A SUITE OF SPARSE MATRIX SOFTWARE",
      year = "2020",
      url = "https://people.engr.tamu.edu/davis/suitesparse.html"
}

@misc{website:Zlib,
      title = "Zlib:A Massively Spiffy Yet Delicately Unobtrusive Compression Library",
      year = "2020",
      url = "https://zlib.net/"
}

@misc{website:AnarthistorianusedlaserstodigitallymapNotreDameCathedral,
      title = "Four years ago, an art historian used lasers to digitally map Notre Dame Cathedral. His work could help save it",
      year = "2019",
      url = "https://www.cnn.com/style/article/notre-dame-andrew-tallon-laser-scan-trnd/index.html"
}

@INPROCEEDINGS{6126544,
  author={E. {Rublee} and V. {Rabaud} and K. {Konolige} and G. {Bradski}},
  booktitle={2011 International Conference on Computer Vision}, 
  title={ORB: An efficient alternative to SIFT or SURF}, 
  year={2011},
  volume={},
  number={},
  pages={2564-2571},
}

@InProceedings{10.1007/11744023_34,
author="Rosten, Edward
and Drummond, Tom",
editor="Leonardis, Ale{\v{s}}
and Bischof, Horst
and Pinz, Axel",
title="Machine Learning for High-Speed Corner Detection",
booktitle="Computer Vision -- ECCV 2006",
year="2006",
publisher="Springer Berlin Heidelberg",
address="Berlin, Heidelberg",
pages="430--443",
isbn="978-3-540-33833-8"
}

@article{Rosin1999MeasuringCP,
  title={Measuring Corner Properties},
  author={P. Rosin},
  journal={Comput. Vis. Image Underst.},
  year={1999},
  volume={73},
  pages={291-307}
}

@Article{Lowe2004,
author={Lowe, David G.},
title={Distinctive Image Features from Scale-Invariant Keypoints},
journal={International Journal of Computer Vision},
year={2004},
month={Nov},
day={01},
volume={60},
number={2},
pages={91-110},
issn={1573-1405},
doi={10.1023/B:VISI.0000029664.99615.94},
url={https://doi.org/10.1023/B:VISI.0000029664.99615.94}
}

@InProceedings{10.1007/11744023_32,
author="Bay, Herbert
and Tuytelaars, Tinne
and Van Gool, Luc",
editor="Leonardis, Ale{\v{s}}
and Bischof, Horst
and Pinz, Axel",
title="SURF: Speeded Up Robust Features",
booktitle="Computer Vision -- ECCV 2006",
year="2006",
publisher="Springer Berlin Heidelberg",
address="Berlin, Heidelberg",
pages="404--417",
abstract="In this paper, we present a novel scale- and rotation-invariant interest point detector and descriptor, coined SURF (Speeded Up Robust Features). It approximates or even outperforms previously proposed schemes with respect to repeatability, distinctiveness, and robustness, yet can be computed and compared much faster.",
isbn="978-3-540-33833-8"
}

@Article{Lu1997,
author={Lu, F.
and Milios, E.},
title={Globally Consistent Range Scan Alignment for Environment Mapping},
journal={autonomous vehicles},
year={1997},
month={Oct},
day={01},
volume={4},
number={4},
pages={333-349},
issn={1573-7527},
doi={10.1023/A:1008854305733},
url={https://doi.org/10.1023/A:1008854305733}
}

@INPROCEEDINGS{810068,
  author={J. -. {Gutmann} and K. {Konolige}},
  booktitle={Proceedings 1999 IEEE International Symposium on Computational Intelligence in Robotics and Automation. CIRA'99 (Cat. No.99EX375)}, 
  title={Incremental mapping of large cyclic environments}, 
  year={1999},
  volume={},
  number={},
  pages={318-325}
}

@misc{website:Ceres,
      title = "Ceres Solver",
      year = "2020",
      url = "http://ceres-solver.org/"
}

@misc{website:SLAM_Benchmark,
      title = "ETH3D SLAM Benchmark",
      year = "2020",
      url = "https://www.eth3d.net/slam_benchmark?set=training"
}

@article{EuclideanDistance,
author = {Van der Heijden, F. and Duin, Robert and Ridder, Dick and Tax, David},
year = {2011},
month = {01},
pages = {},
title = {Classification, Parameter Estimation and State Estimation: An Engineering Approach using MATLAB}
}

@ARTICLE{6202705,
  author={D. {Galvez-López} and J. D. {Tardos}},
  journal={IEEE Transactions on Robotics}, 
  title={Bags of Binary Words for Fast Place Recognition in Image Sequences}, 
  year={2012},
  volume={28},
  number={5},
  pages={1188-1197},
}

@article{doi:10.1002/rob.20360,
author = {Sibley, Gabe and Matthies, Larry and Sukhatme, Gaurav},
title = {Sliding window filter with application to planetary landing},
journal = {Journal of Field Robotics},
volume = {27},
number = {5},
pages = {587-608},
doi = {10.1002/rob.20360},
url = {https://onlinelibrary.wiley.com/doi/abs/10.1002/rob.20360},
eprint = {https://onlinelibrary.wiley.com/doi/pdf/10.1002/rob.20360},
year = {2010}
}

@INPROCEEDINGS{6385773,
  author={J. {Sturm} and N. {Engelhard} and F. {Endres} and W. {Burgard} and D. {Cremers}},
  booktitle={2012 IEEE/RSJ International Conference on Intelligent Robots and Systems}, 
  title={A benchmark for the evaluation of RGB-D SLAM systems}, 
  year={2012},
  volume={},
  number={},
  pages={573-580},
}

@INPROCEEDINGS{1570189,
  author={P. {Newman} and  {Kin Ho}},
  booktitle={Proceedings of the 2005 IEEE International Conference on Robotics and Automation}, 
  title={SLAM-Loop Closing with Visually Salient Features}, 
  year={2005},
  volume={},
  number={},
  pages={635-642},
}

@INPROCEEDINGS{6126513,
  author={R. A. {Newcombe} and S. J. {Lovegrove} and A. J. {Davison}},
  booktitle={2011 International Conference on Computer Vision}, 
  title={DTAM: Dense tracking and mapping in real-time}, 
  year={2011},
  volume={},
  number={},
  pages={2320-2327},
}

@article{article:AINet,
author = {Clark, Ronald and Wen, Hongkai and Markham, Andrew and Trigoni, Niki},
year = {2017},
month = {01},
pages = {},
title = {VINet: Visual-Inertial Odometry as a Sequence-to-Sequence Learning Problem}
}

@INPROCEEDINGS{6162880,  author={R. A. {Newcombe} and S. {Izadi} and O. {Hilliges} and D. {Molyneaux} and D. {Kim} and A. J. {Davison} and P. {Kohi} and J. {Shotton} and S. {Hodges} and A. {Fitzgibbon}},  booktitle={2011 10th IEEE International Symposium on Mixed and Augmented Reality},   title={KinectFusion: Real-time dense surface mapping and tracking},   year={2011},  volume={},  number={},  pages={127-136},  doi={10.1109/ISMAR.2011.6092378}}

@article{Whelan2015RealtimeLD,
  title={Real-time large-scale dense RGB-D SLAM with volumetric fusion},
  author={T. Whelan and M. Kaess and Hordur Johannsson and Maurice F. Fallon and J. Leonard and J. McDonald},
  journal={The International Journal of Robotics Research},
  year={2015},
  volume={34},
  pages={598 - 626}
}

@INPROCEEDINGS{6599048,  author={M. {Keller} and D. {Lefloch} and M. {Lambers} and S. {Izadi} and T. {Weyrich} and A. {Kolb}},  booktitle={2013 International Conference on 3D Vision - 3DV 2013},   title={Real-Time 3D Reconstruction in Dynamic Scenes Using Point-Based Fusion},   year={2013},  volume={},  number={},  pages={1-8},  doi={10.1109/3DV.2013.9}}

@INPROCEEDINGS{7785097,  author={I. {Laina} and C. {Rupprecht} and V. {Belagiannis} and F. {Tombari} and N. {Navab}},  booktitle={2016 Fourth International Conference on 3D Vision (3DV)},   title={Deeper Depth Prediction with Fully Convolutional Residual Networks},   year={2016},  volume={},  number={},  pages={239-248},  doi={10.1109/3DV.2016.32}}

@article{article,
author = {Eigen, David and Puhrsch, Christian and Fergus, Rob},
year = {2014},
month = {06},
pages = {},
title = {Depth Map Prediction from a Single Image using a Multi-Scale Deep Network},
volume = {3}
}

@INPROCEEDINGS{7410661,  author={D. {Eigen} and R. {Fergus}},  booktitle={2015 IEEE International Conference on Computer Vision (ICCV)},   title={Predicting Depth, Surface Normals and Semantic Labels with a Common Multi-scale Convolutional Architecture},   year={2015},  volume={},  number={},  pages={2650-2658},  doi={10.1109/ICCV.2015.304}}

@INPROCEEDINGS{1641050,  author={E. {Delage} and  {Honglak Lee} and A. Y. {Ng}},  booktitle={2006 IEEE Computer Society Conference on Computer Vision and Pattern Recognition (CVPR'06)},   title={A Dynamic Bayesian Network Model for Autonomous 3D Reconstruction from a Single Indoor Image},   year={2006},  volume={2},  number={},  pages={2418-2428},  doi={10.1109/CVPR.2006.23}}

@INPROCEEDINGS{5539823,  author={B. {Liu} and S. {Gould} and D. {Koller}},  booktitle={2010 IEEE Computer Society Conference on Computer Vision and Pattern Recognition},   title={Single image depth estimation from predicted semantic labels},   year={2010},  volume={},  number={},  pages={1253-1260},  doi={10.1109/CVPR.2010.5539823}}

@INPROCEEDINGS{1541316,  author={D. {Hoiem} and A. A. {Efros} and M. {Hebert}},  booktitle={Tenth IEEE International Conference on Computer Vision (ICCV'05) Volume 1},   title={Geometric context from a single image},   year={2005},  volume={1},  number={},  pages={654-661 Vol. 1},  doi={10.1109/ICCV.2005.107}}

@INPROCEEDINGS{7298897,  author={ {Peng Wang} and  {Xiaohui Shen} and  {Zhe Lin} and S. {Cohen} and B. {Price} and A. {Yuille}},  booktitle={2015 IEEE Conference on Computer Vision and Pattern Recognition (CVPR)},   title={Towards unified depth and semantic prediction from a single image},   year={2015},  volume={},  number={},  pages={2800-2809},  doi={10.1109/CVPR.2015.7298897}}

@article{doi:10.1162/neco.1989.1.4.541,
author = {LeCun, Y. and Boser, B. and Denker, J. S. and Henderson, D. and Howard, R. E. and Hubbard, W. and Jackel, L. D.},
title = {Backpropagation Applied to Handwritten Zip Code Recognition},
journal = {Neural Computation},
volume = {1},
number = {4},
pages = {541-551},
year = {1989},
doi = {10.1162/neco.1989.1.4.541}
}

@ARTICLE{726791,  author={Y. {Lecun} and L. {Bottou} and Y. {Bengio} and P. {Haffner}},  journal={Proceedings of the IEEE},   title={Gradient-based learning applied to document recognition},   year={1998},  volume={86},  number={11},  pages={2278-2324},  doi={10.1109/5.726791}}

@INPROCEEDINGS{6907233,  author={Pizzoli, Matia and Forster, Christian and Scaramuzza, Davide},  booktitle={2014 IEEE International Conference on Robotics and Automation (ICRA)},   title={REMODE: Probabilistic, monocular dense reconstruction in real time},   year={2014},  volume={},  number={},  pages={2609-2616},  doi={10.1109/ICRA.2014.6907233}}

@Article{s20113249,
AUTHOR = {Aguilera, Cristhian A. and Aguilera, Cristhian and Navarro, Cristóbal A. and Sappa, Angel D.},
TITLE = {Fast CNN Stereo Depth Estimation through Embedded GPU Devices},
JOURNAL = {Sensors},
VOLUME = {20},
YEAR = {2020},
NUMBER = {11},
ARTICLE-NUMBER = {3249},
URL = {https://www.mdpi.com/1424-8220/20/11/3249},
ISSN = {1424-8220}}

@inproceedings{Khamis2018StereoNetGH,
  title={StereoNet: Guided Hierarchical Refinement for Real-Time Edge-Aware Depth Prediction},
  author={S. Khamis and S. Fanello and Christoph Rhemann and Adarsh Kowdle and Julien P. C. Valentin and S. Izadi},
  booktitle={ECCV},
  year={2018}
}

@INPROCEEDINGS{8794003,  author={Wang, Yan and Lai, Zihang and Huang, Gao and Wang, Brian H. and van der Maaten, Laurens and Campbell, Mark and Weinberger, Kilian Q.},  booktitle={2019 International Conference on Robotics and Automation (ICRA)},   title={Anytime Stereo Image Depth Estimation on Mobile Devices},   year={2019},  volume={},  number={},  pages={5893-5900},  doi={10.1109/ICRA.2019.8794003}
}

@article{Yurtsever2020ASO,
  title={A Survey of Autonomous Driving: Common Practices and Emerging Technologies},
  author={Ekim Yurtsever and Jacob Lambert and Alexander Carballo and K. Takeda},
  journal={IEEE Access},
  year={2020},
  volume={8},
  pages={58443-58469}
}

@article{AIRS,
  title={Semantic Histogram Based Graph Matching for Real-Time Multi-Robot Global Localization in Large Scale Environment},
  author={Guo, Xiyue and Hu, Junjie and Chen, Junfeng and Deng, Fuqin and Lam, Tin Lun},
  journal={IEEE Robotics and Automation Letters},
  year={2021},
  publisher={IEEE}
}

@inproceedings{RA1,
author = {Kshirsagar, Jaydeep and Shue, Sam and Conrad, James},
year = {2018},
month = {04},
pages = {1-7},
title = {A Survey of Implementation of Multi-Robot Simultaneous localization and Mapping},
doi = {10.1109/SECON.2018.8478985}
}

@inproceedings{RA2,
author = {Carlone, Luca and Kaouk, Miguel and Du, Jingjing and Bona, Basilio and Indri, Marina},
year = {2010},
month = {05},
pages = {243-249},
title = {Rao-Blackwellized Particle Filters Multi Robot SLAM with Unknown Initial Correspondences and Limited Communication},
doi = {10.1109/ROBOT.2010.5509307}
}

@article{RA3,
  title={X-view: Graph-based semantic multi-view localization},
  author={Gawel, Abel and Del Don, Carlo and Siegwart, Roland and Nieto, Juan and Cadena, Cesar},
  journal={IEEE Robotics and Automation Letters},
  volume={3},
  number={3},
  pages={1687--1694},
  year={2018},
  publisher={IEEE}
}

@inproceedings{RA4,
author = {Lee, Heon-Cheol and Lee, Seung-Hwan and Lee, Tae-Seok and Kim, Doo-Jin and Lee, Beom},
year = {2012},
month = {11},
pages = {285-287},
title = {A survey of map merging techniques for cooperative-SLAM},
isbn = {978-1-4673-3111-1},
journal = {2012 9th International Conference on Ubiquitous Robots and Ambient Intelligence, URAI 2012},
doi = {10.1109/URAI.2012.6462995}
}

@INPROCEEDINGS{8460819,
  author={Yu, Kevin and Budhiraja, Ashish Kumar and Tokekar, Pratap},
  booktitle={2018 IEEE International Conference on Robotics and Automation (ICRA)}, 
  title={Algorithms for Routing of Unmanned Aerial Vehicles with Mobile Recharging Stations}, 
  year={2018},
  volume={},
  number={},
  pages={5720-5725},
  doi={10.1109/ICRA.2018.8460819}
}

@Article{s150304837,
AUTHOR = {Lee, Edward A.},
TITLE = {The Past, Present and Future of Cyber-Physical Systems: A Focus on Models},
JOURNAL = {Sensors},
VOLUME = {15},
YEAR = {2015},
NUMBER = {3},
PAGES = {4837--4869},
URL = {https://www.mdpi.com/1424-8220/15/3/4837},
PubMedID = {25730486},
ISSN = {1424-8220},
ABSTRACT = {This paper is about better engineering of cyber-physical systems (CPSs) through better models. Deterministic models have historically proven extremely useful and arguably form the kingpin of the industrial revolution and the digital and information technology revolutions. Key deterministic models that have proven successful include differential equations, synchronous digital logic and single-threaded imperative programs. Cyber-physical systems, however, combine these models in such a way that determinism is not preserved. Two projects show that deterministic CPS models with faithful physical realizations are possible and practical. The first project is PRET, which shows that the timing precision of synchronous digital logic can be practically made available at the software level of abstraction. The second project is Ptides (programming temporally-integrated distributed embedded systems), which shows that deterministic models for distributed cyber-physical systems have practical faithful realizations. These projects are existence proofs that deterministic CPS models are possible and practical.},
DOI = {10.3390/s150304837}
}

@article{expense_for_fire_extinguish,
title = {Computer vision techniques for forest fire perception},
journal = {Image and Vision Computing},
volume = {26},
number = {4},
pages = {550-562},
year = {2008},
issn = {0262-8856},
doi = {https://doi.org/10.1016/j.imavis.2007.07.002},
url = {https://www.sciencedirect.com/science/article/pii/S0262885607001096},
author = {J.R. {Martinez-de Dios} and B.C. Arrue and A. Ollero and L. Merino and F. Gómez-Rodríguez},
keywords = {Perception systems, Infrared and visual image processing, Forest fires, Sensor fusion},
abstract = {This paper presents computer vision techniques for forest fire perception involving measurement of forest fire properties (fire front, flame height, flame inclination angle, fire base width) required for the implementation of advanced forest fire-fighting strategies. The system computes a 3D perception model of the fire and could also be used for visualizing the fire evolution in remote computer systems. The presented system integrates the processing of images from visual and infrared cameras. It applies sensor fusion techniques involving also telemetry sensors, and GPS. The paper also includes some results of forest fire experiments.}
}

@article{kolaric2008integrated,
  title={Integrated system for forest fire early detection and management},
  author={Kolari{\'{c}}, Darko and Skala, Karolj and Dubravi{\'{c}}, Amir},
  journal={Periodicum biologorum},
  volume={110},
  number={2},
  pages={205--211},
  year={2008},
  publisher={Hrvatsko prirodoslovno dru{\v{s}}tvo}
}

@article{yuan2017aerial,
  title={Aerial images-based forest fire detection for firefighting using optical remote sensing techniques and unmanned aerial vehicles},
  author={Yuan, Chi and Liu, Zhixiang and Zhang, Youmin},
  journal={Journal of Intelligent \& Robotic Systems},
  volume={88},
  number={2},
  pages={635--654},
  year={2017},
  publisher={Springer}
}


@article{8955969,
  title={Cooperative aerial-ground multi-robot system for automated construction tasks},
  author={Krizmancic, Marko and Arbanas, Barbara and Petrovic, Tamara and Petric, Frano and Bogdan, Stjepan},
  journal={IEEE Robotics and Automation Letters},
  volume={5},
  number={2},
  pages={798--805},
  year={2020},
  publisher={IEEE}
}

@article{RAL_mapping_for_farming,
  title={{AgriColMap: Aerial-ground collaborative 3D mapping for precision farming}},
  author={Potena, Ciro and Khanna, Raghav and Nieto, Juan and Siegwart, Roland and Nardi, Daniele and Pretto, Alberto},
  journal={IEEE Robotics and Automation Letters},
  volume={4},
  number={2},
  pages={1085--1092},
  year={2019},
  publisher={IEEE}
}

@inproceedings{ICRA_MIT_multi_robot,
  title={Kimera-Multi: a System for Distributed Multi-Robot Metric-Semantic Simultaneous Localization and Mapping},
  author={Chang, Yun and Tian, Yulun and How, Jonathan P and Carlone, Luca},
  booktitle={2021 IEEE International Conference on Robotics and Automation (ICRA)},
  pages={11210--11218},
  year={2021},
  organization={IEEE}
}

@article{TRANS_target_detection,
  title={{Vision-based target detection and localization via a team of cooperative UAV and UGVs}},
  author={Minaeian, Sara and Liu, Jian and Son, Young-Jun},
  journal={IEEE Transactions on Systems, Man, and Cybernetics: Systems},
  volume={46},
  number={7},
  pages={1005--1016},
  year={2015},
  publisher={IEEE}
}

@article{3_forest_fire,
  title={Computer vision techniques for forest fire perception},
  author={Martinez-de Dios, Jos{\'{e}} Ramiro and Arrue, Begona C and Ollero, Anibal and Merino, Luis and G{\'{o}}mez-Rodr{\'{i}}guez, Francisco},
  journal={Image and Vision Computing},
  volume={26},
  number={4},
  pages={550--562},
  year={2008},
  publisher={Elsevier}
}

@article{3_concordia_forest_fire,
  title={A survey on technologies for automatic forest fire monitoring, detection, and fighting using unmanned aerial vehicles and remote sensing techniques},
  author={Yuan, Chi and Zhang, Youmin and Liu, Zhixiang},
  journal={Canadian Journal of Forest Research},
  volume={45},
  number={7},
  pages={783--792},
  year={2015},
  publisher={NRC research Press}
}